<record><leader>00000cas a22000007a 4500</leader><controlfield tag="001">24347636</controlfield><controlfield tag="008">910909u1950uuuunjuwr ne      0    0eng d</controlfield><datafield ind1=" " ind2=" " tag="010"><subfield code="a">sn 91064039 </subfield></datafield><datafield ind1=" " ind2=" " tag="040"><subfield code="a">NJW</subfield><subfield code="b">eng</subfield><subfield code="c">NJW</subfield><subfield code="d">OCL</subfield><subfield code="d">OCLCQ</subfield></datafield><datafield ind1="0" ind2=" " tag="130"><subfield code="a">Clifton leader (1950)</subfield></datafield><datafield ind1="1" ind2="4" tag="245"><subfield code="a">The Clifton leader.</subfield></datafield><datafield ind1=" " ind2=" " tag="260"><subfield code="a">Clifton, N.J. :</subfield><subfield code="b">Augustine La Corte</subfield></datafield><datafield ind1=" " ind2=" " tag="300"><subfield code="a">v.</subfield></datafield><datafield ind1=" " ind2=" " tag="310"><subfield code="a">Weekly</subfield></datafield><datafield ind1="0" ind2=" " tag="362"><subfield code="a">Vol. 25, no. 14 (Sept. 28, 1950)-</subfield></datafield><datafield ind1=" " ind2=" " tag="752"><subfield code="a">United States</subfield><subfield code="b">New Jersey</subfield><subfield code="c">Passaic</subfield><subfield code="d">Clifton.</subfield></datafield><datafield ind1="0" ind2="0" tag="780"><subfield code="t">Morning leader (Clifton, N.J.)</subfield><subfield code="w">(DLC)sn 91064038</subfield><subfield code="w">(OCoLC)24347578</subfield></datafield></record>